@InProceedings{Gjorgjevski:Combining_LWE-Solving_Algorithms,
  author =	 {Dario Gjorgjevski},
  title =	 {Combining LWE-Solving Algorithms},
  year =	 2017,
  booktitle =	 {Proceedings of the 14th International Conference on
                  Informatics and Information Technologies},
  editor =	 {Aleksandra Popovska--Mitrovikj and Biljana Tojtovska
                  and Kire Trivodaliev},
  eventdate =	 {2017-04-07/2017-04-09},
  venue =	 {Hotel Bistra, Mavrovo, Republic of Macedonia},
  isbn =	 {978-608-4699-07-1},
  pages =	 {165--170},
  eprint =	 {http://ciit.finki.ukim.mk/data/papers/CIIT2017.pdf},
  pagetotal =	 229
}

@Unpublished{Gjorgjevski:Using_Distributed_Representations,
  author =	 {Dario Gjorgjevski and Dejan Gjorgjevikj},
  title =	 {Using Distributed Representations to Identify
                  Genders and Age Groups of Twitter Users},
  year =	 2018,
  note =	 {Currently under review}
}
