@InProceedings{Gjorgjevski:Combining_LWE-Solving_Algorithms,
  author =	 {Gjorgjevski, Dario},
  title =	 {Combining LWE-Solving Algorithms},
  year =	 2017,
  booktitle =	 {Proceedings of the 14th International Conference on
                  Informatics and Information Technologies},
  editor =	 {Popovska--Mitrovikj, Aleksandra and Tojtovska,
                  Biljana and Trivodaliev, Kire},
  eventdate =	 {2017-04-07/2017-04-09},
  venue =	 {Hotel Bistra, Mavrovo, Macedonia},
  isbn =	 {978-608-4699-07-1},
  pages =	 {165-170},
  eprint =	 {http://ciit.finki.ukim.mk/data/papers/CIIT2017.pdf},
  pagetotal =	 229
}

@Thesis{Gjorgjevski:ECC_in_the_Rank_Metric,
  author =	 {Gjorgjevski, Dario},
  title =	 {Error-Correcting Codes in the Rank Metric},
  type =	 {Bachelor's Thesis},
  institution =	 {Ss.\ Cyril and Methodius University},
  date =	 {2018-01-24},
  titleaddon =	 {With Applications to Cryptography},
  eprint =
                  {http://diplomski.finki.ukim.mk/Upload/PublicFile/1814},
  supervisor =	 {Samardjiska, Simona}
}

@InProceedings{Gjorgjevski_Gjorgjevikj:Using_Distributed_Representations,
  author =	 {Gjorgjevski, Dario and Gjorgjevikj, Dejan},
  title =	 {Using Distributed Representations to Identify
                  Genders and Age Groups of Twitter Users},
  year =	 2018,
  booktitle =	 {Proceedings of the 15th International Conference on
                  Informatics and Information Technologies},
  editor =	 {Ilievska, Nataša and Mirčeva, Georgina},
  eventdate =	 {2018-04-20/2018-04-22},
  venue =	 {Hotel Bistra, Mavrovo, Macedonia},
  isbn =	 {978-608-4699-08-8},
  pages =	 {2-7},
  eprint =	 {http://ciit.finki.ukim.mk/data/papers/CIIT2018.pdf},
  pagetotal =	 310
}
